@misc{Wikipedia_DFT,
  author = "{Wikipedia contributors}",
  title = "Discrete Fourier transform --- {Wikipedia}{,} The Free Encyclopedia",
  year = "2023",
  howpublished = "\url{https://en.wikipedia.org/w/index.php?title=Discrete_Fourier_transform&oldid=1153873152}",
  note = "[Online; accessed 24-July-2023]"
}
